<record><leader>00000cas a2200000 a 4500</leader><controlfield tag="001">36161815</controlfield><controlfield tag="008">970106d187618uumiuwr n       0    0eng c</controlfield><datafield ind1=" " ind2=" " tag="010"><subfield code="a">sn 96077461 </subfield></datafield><datafield ind1=" " ind2=" " tag="040"><subfield code="a">MHN</subfield><subfield code="b">eng</subfield><subfield code="c">MHN</subfield><subfield code="d">OCL</subfield><subfield code="d">OCLCQ</subfield><subfield code="d">OCLCF</subfield><subfield code="d">OCLCO</subfield></datafield><datafield ind1="1" ind2=" " tag="029"><subfield code="a">AU@</subfield><subfield code="b">000013023222</subfield></datafield><datafield ind1=" " ind2=" " tag="042"><subfield code="a">pcc</subfield></datafield><datafield ind1=" " ind2=" " tag="043"><subfield code="a">n-us-mi</subfield></datafield><datafield ind1="0" ind2=" " tag="130"><subfield code="a">Huron County news (Port Austin, Mich. : 1876)</subfield></datafield><datafield ind1="1" ind2="4" tag="245"><subfield code="a">The Huron County news.</subfield></datafield><datafield ind1="1" ind2="3" tag="246"><subfield code="a">News and advertiser</subfield></datafield><datafield ind1=" " ind2=" " tag="260"><subfield code="a">Port Austin, Mich. :</subfield><subfield code="b">W.F. Clark</subfield></datafield><datafield ind1=" " ind2=" " tag="300"><subfield code="a">v.</subfield></datafield><datafield ind1=" " ind2=" " tag="310"><subfield code="a">Weekly</subfield></datafield><datafield ind1="0" ind2=" " tag="362"><subfield code="a">Vol. 14, no. 47 (Aug. 17, 1876)-</subfield></datafield><datafield ind1=" " ind2="0" tag="651"><subfield code="a">Port Austin (Mich.)</subfield><subfield code="v">Newspapers.</subfield></datafield><datafield ind1=" " ind2="0" tag="651"><subfield code="a">Huron County (Mich.)</subfield><subfield code="v">Newspapers.</subfield></datafield><datafield ind1=" " ind2="7" tag="655"><subfield code="a">Newspapers.</subfield><subfield code="2">fast</subfield><subfield code="0">(OCoLC)fst01423814</subfield></datafield><datafield ind1=" " ind2="7" tag="651"><subfield code="a">Michigan</subfield><subfield code="z">Huron County.</subfield><subfield code="2">fast</subfield><subfield code="0">(OCoLC)fst01209626</subfield></datafield><datafield ind1=" " ind2="7" tag="651"><subfield code="a">Michigan</subfield><subfield code="z">Port Austin.</subfield><subfield code="2">fast</subfield><subfield code="0">(OCoLC)fst01290764</subfield></datafield><datafield ind1=" " ind2=" " tag="752"><subfield code="a">United States</subfield><subfield code="b">Michigan</subfield><subfield code="c">Huron</subfield><subfield code="d">Port Austin.</subfield></datafield><datafield ind1="0" ind2="0" tag="780"><subfield code="t">Huron County news and Caseville advertiser</subfield><subfield code="w">(DLC)sn 85026551</subfield><subfield code="w">(OCoLC)12271838</subfield></datafield></record>